<?xml version="1.0" encoding="UTF-8"?><collection xmlns="http://www.loc.gov/MARC21/slim"><record><leader>00385nam--2200133-i-4500</leader><controlfield tag="001">000015423</controlfield><controlfield tag="002">20161230</controlfield><controlfield tag="005">20170207230444</controlfield><controlfield tag="008">060222s1000------------r-----000-0-eng-d</controlfield><datafield ind1=" " ind2=" " tag="245"><subfield code="a">Canada report to gospar twenty-fifth plenary meeting</subfield></datafield><datafield ind1=" " ind2=" " tag="260"><subfield code="a">Ottawa</subfield><subfield code="b">Associate Committee On Space Research</subfield><subfield code="c">1984</subfield></datafield><datafield ind1=" " ind2=" " tag="300"><subfield code="a">/Pag.Dif.</subfield></datafield><datafield ind1=" " ind2=" " tag="852"><subfield code="a">629.785:061.62(71)</subfield></datafield><datafield ind1=" " ind2=" " tag="CAT"><subfield code="a">SYS</subfield><subfield code="c">20170207</subfield><subfield code="h">230444</subfield></datafield></record></collection>